

@blog{GithubRepo,
  title={https://github.com/GallagherStephen/4thYearProject-Dissertation},
  author={Github Repository},
  organization={IEEE}
}

@blog{DiscordLearning,
  title={http://journal.umg.ac.id/index.php/jetlal/article/view/2528},
  author={Using Discord to Facilitate Students in Teaching Learning Process during COVID-19 Outbreak},
  organization={IEEE}
}

@blog{gamePlatforms,
  title={https://doi.org/10.1186/s12909-019-1701-0},
  author={Using online game platforms},
  organization={IEEE}
}

@blog{MicrosoftCollaboration,
  title={https://ojs.library.queensu.ca/index.php/PCEEA/article/view/13882},
  author={Microsoft Collaborative knowledge building},
  organization={IEEE}
}

@blog{DistanceEducation,
  title={https://www.porto.ucp.pt/open/curso/modulos/doc/Definition%20of%20Terms.pdf},
  author={Distance Education},
  organization={IEEE}
}


@blog{Discord,
  title={https://discord.com/},
  author={Discord},
  organization={IEEE}
}

@blog{MicrosoftTeams,
  title={https://www.microsoft.com/en-ie/microsoft-teams/group-chat-software},
  author={MicrosoftTeams},
  organization={IEEE}
}

@blog{LearnOnline,
  title={https://learnonline.gmit.ie/ },
  author={Learn Online},
  organization={IEEE}
}

@blog{Trello,
  title={https://trello.com/en},
  author={Trello},
  organization={IEEE}
}

@blog{Facebook,
  title={https://www.facebook.com/},
  author={Facebook},
  organization={IEEE}
}

@blog{Twitter,
  title={https://twitter.com/home},
  author={Twitter},
  organization={IEEE}
}

@blog{Instagram,
  title={https://www.instagram.com},
  author={Instagram },
  organization={IEEE}
}

@blog{Kahoot,
  title={https://kahoot.com/},
  author={Kahoot},
  organization={IEEE}
}

@blog{Agile,
  title={https://www.digite.com/agile/agile-methodology/},
  author={Agile development },
  organization={IEEE}
}

@blog{Scrum,
  title={https://www.xpand-it.com/blog/top-5-agile-methodologies/},
  author={Scrum Development },
  organization={IEEE}
}

@blog{WebRTC,
  title={https://webrtc.org/},
  author={WebRTC },
  organization={IEEE}
}

@blog{MongoDB,
  title={https://www.mongodb.com/},
  author={MongoDB },
  organization={IEEE}
}

@blog{ElasticBeanstalk,
  title={https://aws.amazon.com/elasticbeanstalk/},
  author={AWS Elastic Beanstalk },
  organization={IEEE}
}

@blog{S3Buckets,
  title={ https://aws.amazon.com/s3/},
  author={AWS S3 Buckets},
  organization={IEEE}
}

@blog{Route53,
  title={https://aws.amazon.com/route53/},
  author={	AWS Route 53 },
  organization={IEEE}
}

@blog{GoDaddy,
  title={ https://ie.godaddy.com/},
  author={GoDaddy},
  organization={IEEE}
}

@blog{Amplify,
  title={https://aws.amazon.com/amplify/},
  author={AWS Amplify },
  organization={IEEE}
}

@blog{Youtube,
  title={ https://www.youtube.com/},
  author={Youtube},
  organization={IEEE}
}

@blog{ChatEngine,
  title={https://chatengine.io/},
  author={Chat Engine },
  organization={IEEE}
}

@blog{SurveyMonkey,
  title={ https://www.surveymonkey.com/},
  author={Survey Monkey},
  organization={IEEE}
}

@blog{GoogleForms,
  title={https://www.google.com/forms/about/},
  author={Google Forms},
  organization={IEEE}
}

@blog{Firebase,
  title={ https://firebase.google.com/},
  author={Firebase API},
  organization={IEEE}
}

@blog{MongoDBRealm,
  title={https://www.mongodb.com/realm},
  author={MongoDB Realm},
  organization={IEEE}
}

@blog{FontAwesome,
  title={ https://fontawesome.com/},
  author={Font awesome},
  organization={IEEE}
}

@blog{Linktree,
  title={ https://linktr.ee/},
  author={Linktree},
  organization={IEEE}
}

